% This file was created with JabRef 2.10.
% Encoding: Cp1252


@Article{,
  Title                    = {Amplitudengang und Phasengang im Bode-Diagramm},
  Author                   = {W. Bengfort},
  Year                     = {2014},

  Owner                    = {Denis Stampfli},
  Timestamp                = {03.03.2015},
  Url                      = {http://et-tutorials.de/7507/amplitudengang-und-phasengang-im-bode-diagramm/}
}

@Article{frequenzgang,
  Title                    = {Frequenzgang},
  Author                   = {Wikipedia},
  Year                     = {2014},

  Owner                    = {Denis Stampfli},
  Timestamp                = {03.03.2015},
  Url                      = {http://de.wikipedia.org/wiki/Frequenzgang}
}

